@online{wiki:markov_chain,
    author = "Wikipedia",
    title = "Markov chain --- Wikipedia{,} The Free Encyclopedia",
    year = "2017",
    url = "https://en.wikipedia.org/w/index.php?title=Markov_chain",
    note = "[Online; accessed 27-December-2017]"
}

@online{setosa:markov_chain,
    author = "Victor Powell",
    title = "Markov Chains",
    subtitle = "Explained Visually",
    url = "http://setosa.io/ev/markov-chains/",
    date = "2014-11-07"
}

@online{wiki:hash_function,
    author = "Wikipedia",
    title = "Hash function --- Wikipedia{,} The Free Encyclopedia",
    year = "2017",
    url = "https://en.wikipedia.org/w/index.php?title=Hash_function",
    note = "[Online; accessed 27-December-2017]"
}

@online{crackstation:password_hashing,
    author = "Defuse Security",
    title = "Salted Password Hashing",
    subtitle = "Doing it Right",
    url = "https://crackstation.net/hashing-security.htm",
    date = "2017-08-01"
}

@online{wiki:md5,
    author = "Wikipedia",
    title = "MD5 --- Wikipedia{,} The Free Encyclopedia",
    year = "2017",
    url = "https://en.wikipedia.org/w/index.php?title=MD5",
    note = "[Online; accessed 27-December-2017]"
}

@online{wiki:password_cracking,
    author = "Wikipedia",
    title = "Password cracking --- Wikipedia{,} The Free Encyclopedia",
    year = "2017",
    url = "https://en.wikipedia.org/w/index.php?title=Password_cracking",
    note = "[Online; accessed 27-December-2017]"
}

@online{wiki:brute_force_attack,
    author = "Wikipedia",
    title = "Brute-force attack --- Wikipedia{,} The Free Encyclopedia",
    year = "2017",
    url = "https://en.wikipedia.org/w/index.php?title=Brute-force_attack",
    note = "[Online; accessed 27-December-2017]"
}

@online{wiki:graphic_character_ascii,
    author = "Wikipedia",
    title = "Graphic character | ISO/IEC 646 --- Wikipedia{,} The Free Encyclopedia",
    year = "2017",
    url = "https://en.wikipedia.org/w/index.php?title=Graphic_character#ISO/IEC_646",
    note = "[Online; accessed 27-December-2017]"
}

@online{wiki:graphic_character_unicode,
    author = "Wikipedia",
    title = "Graphic character | Unicode --- Wikipedia{,} The Free Encyclopedia",
    year = "2017",
    url = "https://en.wikipedia.org/w/index.php?title=Graphic_character#Unicode",
    note = "[Online; accessed 27-December-2017]"
}

@online{wiki:dictionary_attack,
    author = "Wikipedia",
    title = "Dictionary attack --- Wikipedia{,} The Free Encyclopedia",
    year = "2017",
    url = "https://en.wikipedia.org/w/index.php?title=Dictionary_attack",
    note = "[Online; accessed 27-December-2017]"
}

@online{trustwave:hashcat_per_position_markov_chains,
    author = "Daniel Turner",
    title = "Hashcat Per Position Markov Chains",
    url = "https://www.trustwave.com/Resources/SpiderLabs-Blog/Hashcat-Per-Position-Markov-Chains/",
    date = "2012-07-17"
}

@online{wiki:rainbow_table,
    author = "Wikipedia",
    title = "Rainbow table --- Wikipedia{,} The Free Encyclopedia",
    year = "2017",
    url = "https://en.wikipedia.org/w/index.php?title=Rainbow_table",
    note = "[Online; accessed 27-December-2017]"
}

@online{wiki:password_strength,
    author = "Wikipedia",
    title = "Password strength | Common guidelines --- Wikipedia{,} The Free Encyclopedia",
    year = "2017",
    url = "https://en.wikipedia.org/wiki/Password_strength#Common_guidelines",
    note = "[Online; accessed 2-January-2018]"
}